@article{InteractivePeerReview2010,
    author = {Ulrich Pöschl},
    title ={Interactive open access publishing and public peer review: The effectiveness of transparency and self-regulation in scientific quality assurance},
    journal = {IFLA Journal},
    volume = {36},
    number = {1},
    pages = {40-46},
    year = {2010},
    doi = {10.1177/0340035209359573},
    URL = {https://doi.org/10.1177/0340035209359573},
    eprint = {https://doi.org/10.1177/0340035209359573}
}

@MISC{Bitcoin2008,
    author = {Satoshi Nakamoto},
    title = {Bitcoin: A peer-to-peer electronic cash system},
    url = {http://bitcoin.org/bitcoin.pdf},
    year = {2008}
}

@MISC{SmartContracts1996,
    author = {Nick Sazbo},
    title = {Smart Contracts: Building Blocks for Digital Markets},
    url = {http://www.fon.hum.uva.nl/rob/Courses/InformationInSpeech/CDROM/Literature/LOTwinterschool2006/szabo.best.vwh.net/smart_contracts_2.html},
    year = {1996}
}

@ARTICLE{UntanglingBlockchain2017,
    author = {{Dinh}, T.~T.~A. and {Liu}, R. and {Zhang}, M. and {Chen}, G. and {Ooi}, B.~C. and {Wang}, J.},
    title = "{Untangling Blockchain: A Data Processing View of Blockchain Systems}",
    journal = {ArXiv e-prints},
    archivePrefix = "arXiv",
    eprint = {1708.05665},
    primaryClass = "cs.DB",
    keywords = {Computer Science - Databases, Computer Science - Cryptography and Security},
    year = 2017,
    month = aug,
    adsurl = {http://adsabs.harvard.edu/abs/2017arXiv170805665D},
    adsnote = {Provided by the SAO/NASA Astrophysics Data System}
}

@ARTICLE{Bibliometrics1986,
    author="Lawani, S. M.",
    title="Some bibliometric correlates of quality in scientific research",
    journal="Scientometrics",
    year="1986",
    month="Jan",
    day="01",
    volume="9",
    number="1",
    pages="13--25",
    issn="1588-2861",
    doi="10.1007/BF02016604",
    url="https://doi.org/10.1007/BF02016604"
}

@ARTICLE{Stealing1993,
    author="Huth, Edward J.",
    title="Stealing into print: Fraud, plagiarism, and misconduct in scientific publishing",
    journal="Publishing Research Quarterly",
    year="1993",
    month="Jun",
    day="01",
    volume="9",
    number="2",
    pages="78--79",
    issn="1936-4792",
    doi="10.1007/BF02680404",
    url="https://doi.org/10.1007/BF02680404"
}

@ARTICLE{Bibliographical1971,
    author = {A.J. Meadows and J.G. O' Connor},
    title ={Bibliographical Statistics as a Guide To Growth Points in Science},
    journal = {Science Studies},
    volume = {1},
    number = {1},
    pages = {95-99},
    year = {1971},
    doi = {10.1177/030631277100100107},
    URL = {https://doi.org/10.1177/030631277100100107},
    eprint = {https://doi.org/10.1177/030631277100100107}
}

@ARTICLE{ResearchCollaboration1997,
    title = "What is research collaboration?",
    journal = "Research Policy",
    volume = "26",
    number = "1",
    pages = "1 - 18",
    year = "1997",
    issn = "0048-7333",
    doi = "https://doi.org/10.1016/S0048-7333(96)00917-1",
    url = "http://www.sciencedirect.com/science/article/pii/S0048733396009171",
    author = "J.Sylvan Katz and Ben R. Martin"
}

@ARTICLE{Online2001,
    author = {Steve Lawrence},
    title = {Online Or Invisible?},
    journal = {Nature},
    year = {2001},
    volume = {411},
    pages = {521}
}

@ARTICLE{OpenAccessAnalysis2004,
    author = {Björk, Bo-Christer},
    title = {Open Access to Scientific Publications – An Analysis of the Barriers to Change?},
    journal = {Information Reserch},
    volume = {9},
    year = {2004},
    uri = {http://hdl.handle.net/10227/647}
}

@ARTICLE{OpenAccessImpact2004,
	author = {Kristin Antelman},
	title = {Do Open-Access Articles Have a Greater Research Impact?},
	journal = {College & Research Libraries},
	volume = {65},
	number = {5},
	year = {2004},
	issn = {2150-6701},	pages = {372--382},	doi = {10.5860/crl.65.5.372},
	url = {http://crl.acrl.org/index.php/crl/article/view/15683}
}

@MISC{Societies2002Misc,
    author = {Thomas J. Walker},
    title = {Two societies show how to profit by providing free access. Learned Publishing (forthcoming). [Online]. Available: http://csssrvr.entnem.ufl.edu/~walker/epub/ALPSPmsDS2.pdf},
    year = {2002}
}

@ARTICLE{Comparing2004,
    volume = {10},
    number = {6},
    month = {June},
    title = {Comparing the Impact of Open Access (OA) vs. Non-OA Articles in the Same Journals},
    author = {Stevan Harnad and Tim Brody},
    year = {2004},
    journal = {D-Lib Magazine},
    keywords = {open access, research impact, self-archiving, journal publication, downloads, citations},
    url = {https://eprints.soton.ac.uk/260207/}
}

@ONLINE{Plos2017Online,
    author = {PLOS},
    title = {Public Library of Science},
    month = Nov,
    year = {2017},
    url = {https://plos.org/}
}

@ONLINE{SmartContract2017,
    author = {Nick Szabo},
    title = {Smart Contracts: Building Blocks for Digital Market},
    month = Nov,
    year = {2017},
    url = {http://www.fon.hum.uva.nl/rob/Courses/InformationInSpeech/CDROM/Literature/LOTwinterschool2006/szabo.best.vwh.net/smart_contracts_2.html}
}

@ARTICLE{Collaboration2005Article,
    author = {Leimu, Roosa and Koricheva, Julia},
    title = {Does Scientific Collaboration Increase the Impact of Ecological Articles?},
    journal = {BioScience},
    volume = {55},
    number = {5},
    pages = {438-443},
    year = {2005},
    doi = {10.1641/0006-3568(2005)055[0438:DSCITI]2.0.CO;2},
    URL = { + http://dx.doi.org/10.1641/0006-3568(2005)055[0438:DSCITI]2.0.CO;2},
    eprint = {/oup/backfile/content_public/journal/bioscience/55/5/10.1641_0006-3568(2005)055[0438_dsciti]2.0.co;2/4/55-5-438.pdf}
}